% !Mode:: "TeX:UTF-8"

@article{rdf,
	author    = {Guus Schreiber and Yves Raimond},
	title     = {RDF 1.1 Primer},
	year      = 2014,	
	month     = feb,
	language   ="en",
    url = "https://www.w3.org/TR/rdf11-primer/",
}

@article{sparql,
	AUTHOR  = "Eric Prud'hommeaux and Andy Seaborne",
	TITLE   = "SPARQL Query Language for RDF",			
	YEAR    = 2008,
    month = jan,
	language = "en",
    url= "https://www.w3.org/TR/rdf-sparql-query/",
}

@article{MassiveData,
    author = "王鑫 and 邹磊 and 王朝坤 and 彭鹏 and 冯志勇",
    title = "知识图谱数据管理研究综述",
    journal = "软件学报",    
    pages = {2139-2147},
    year = 2019,
    language = "zh",
}

@inproceedings{MLforDB,
    author = {Domingos, Pedro},
    year = {2018},
    month = {05},
    pages = {629-629},
    title = {Machine Learning for Data Management: Problems and Solutions},
    isbn = {978-1-4503-4703-7},
    doi = {10.1145/3183713.3199515}
}

@inproceedings{SageDB,
    title	= {SageDB: A Learned Database System},
    author	= {Tim Kraska and Mohammad Alizadeh and Alex Beutel and Ed H. Chi and Jialin Ding and Ani Kristo and Guillaume Leclerc and Samuel Madden and Hongzi Mao and Vikram Nathan},
    year	= {2019}
}

@article{GALO,
    author = {Damasio, Guilherme and Corvinelli, Vincent and Godfrey, Parke and Mierzejewski, Piotr and Mihaylov, Alex and Szlichta, Jaroslaw and Zuzarte, Calisto},
    year = {2019},
    month = {08},
    pages = {2010-2021},
    title = {Guided automated learning for query workload re-optimization},
    volume = {12},
    journal = {Proceedings of the VLDB Endowment},
    doi = {10.14778/3352063.3352120}
}

@article{Neo,
    author = {Marcus, Ryan and Negi, Parimarjan and Mao, Hongzi and Zhang, Chi and Alizadeh, Mohammad and Kraska, Tim and Papaemmanouil, Olga and Tatbul, Nesime},
    year = {2019},
    month = {07},
    pages = {1705-1718},
    title = {Neo: a learned query optimizer},
    volume = {12},
    journal = {Proceedings of the VLDB Endowment},
    doi = {10.14778/3342263.3342644}
}

@article{SkinnerDB,
    author = {Trummer, Immanuel and Wang, Junxiong and Maram, Deepak and Moseley, Samuel and Jo, Saehan and Antonakakis, Joseph},
    year = {2019},
    month = {01},
    pages = {},
    title = {SkinnerDB: Regret-Bounded Query Evaluation via Reinforcement Learning},
    doi = {10.1145/3299869.3300088}
}

@article{RLIntroduction,
    author = {Bradford, A},
    year = {2020},
    month = {05},
    pages = {},
    title = {Reinforcement Learning: An Introduction Richard S. Sutton and Andrew G. Barto}
}

@article{MDP,
    author = {Krishnan, Sanjay and Yang, Zongheng and Goldberg, Kenneth and Hellerstein, Joseph and Stoica, Ion},
    year = {2018},
    month = {08},
    pages = {},
    title = {Learning to Optimize Join Queries With Deep Reinforcement Learning}
}

@masterthesis{QLearning1,
    author  = {褚建华 and 李大字},
    title   = {Q-learning强化学习算法改进及其应用研究},
    address={北京},
    school = {北京化工大学},
    year    = {2009},
    language = {zh},
}

@masterthesis{QLearning2,
    author  = {张震},
    title   = {集装箱码头双场桥动态调度Q学习算法},
    address = {辽宁},
    school = {大连理工大学},
    year    = {2019},
    language = {zh},
}

@article{QLearning0,
    author = {Watkins, Christopher},
    year = {1989},
    month = {01},
    pages = {},
    title = {Learning From Delayed Rewards}
}

@article{QLearning3,
    author = {Watkins, Christopher and Dayan, Peter},
    year = {1992},
    month = {05},
    pages = {279-292},
    title = {Technical Note: Q-Learning},
    volume = {8},
    journal = {Machine Learning},
    doi = {10.1007/BF00992698}
}

@article{DQNNature,
    author = {Mnih, Volodymyr and Kavukcuoglu, Koray and Silver, David and Rusu, Andrei and Veness, Joel and Bellemare, Marc and Graves, Alex and Riedmiller, Martin and Fidjeland, Andreas and Ostrovski, Georg and Petersen, Stig and Beattie, Charles and Sadik, Amir and Antonoglou, Ioannis and King, Helen and Kumaran, Dharshan and Wierstra, Daan and Legg, Shane and Hassabis, Demis},
    year = {2015},
    month = {02},
    pages = {529-33},
    title = {Human-level control through deep reinforcement learning},
    volume = {518},
    journal = {Nature},
    doi = {10.1038/nature14236}
}

@article{LUBM,
    author = {Guo, Yuanbo and Pan, Zhengxiang and Heflin, Jeff},
    year = {2005},
    month = {10},
    pages = {158-182},
    title = {LUBM: a benchmark for OWL knowledge base systems},
    volume = {3},
    journal = {Web Semantics: Science, Services and Agents on the World Wide Web},
    doi = {10.1016/j.websem.2005.06.005}
}

@inproceedings{DRL,
    author = {Marcus, Ryan and Papaemmanouil, Olga},
    year = {2018},
    month = {06},
    pages = {1-4},
    title = {Deep Reinforcement Learning for Join Order Enumeration},
    doi = {10.1145/3211954.3211957}
}

@article{SystemR,
    author = {Astrahan, Morton and Blasgen, Mike and Chamberlin, Donald and Eswaran, Kapali and Gray, Jim and Griffiths, Patricia and III, W. and Lorie, Raymond and McJones, Paul and Mehl, James and Putzolu, Gianfranco and Traiger, Irving and Wade, Bradford and Watson, Vera},
    year = {1976},
    month = {06},
    pages = {97-137},
    title = {System R: Relational Approach to Database Management},
    volume = {1},
    journal = {ACM Trans. Database Syst.},
    doi = {10.1145/320455.320457}
}

@article{Volcano,
    author = {Graefe, Goetz and McKenna, William},
    year = {1991},
    month = {12},
    pages = {21},
    title = {The Volcano Optimizer Generator}
}

@article{DRLJoin,
    author = {Krishnan, Sanjay and Yang, Zongheng and Goldberg, Kenneth and Hellerstein, Joseph and Stoica, Ion},
    year = {2018},
    month = {08},
    pages = {},
    title = {Learning to Optimize Join Queries With Deep Reinforcement Learning}
}

@article{Hands-Free,
    author = {Marcus, Ryan and Papaemmanouil, Olga},
    year = {2018},
    month = {09},
    pages = {},
    title = {Towards a Hands-Free Query Optimizer through Deep Learning}
}

@article{OptARQ,
    author = {Bernstein, Abraham and Kiefer, Christoph and Stocker, Markus},
    year = {2007},
    month = {04},
    pages = {},
    title = {OptARQ: A SPARQL optimization approach based on triple pattern selectivity estimation}
}

@article{coreSPARQL,
    author = {Groppe, Jinghua and Groppe, Sven and Kolbaum, Jan},
    year = {2009},
    month = {01},
    pages = {107-112},
    title = {Optimization of SPARQL by using coreSPARQL.}
}

@article{XuLei,
    author = {徐雷},
    year = {2012},
    month = {10},
    pages = {42-48},
    title = {SPARQL查询优化},
    journal = {现代图书情报技术}
}

@article{精英蚁群,
    author = {郑子伟 and 郑建秋},
    year = {2017},
    volume = {24},
    pages = {1439-1446},
    title = {基于精英蚁群算法的SPARQL优化算法},
    journal = {控制工程}
}